@Article{gasparini_2018,
	Author = {Gasparini, Alessandro},
	Title = {{rsimsum}: Summarise results from {Monte Carlo} simulation studies},
 	Journal = {Journal of Open Source Software},
	Volume = {3},
	Number = {26},
	Pages = {739},
	Doi = {10.21105/joss.00739},
	Url = {https://doi.org/10.21105/joss.00739},
}
