@Book{brent_1973,
	Author = {Brent, Richard P},
	Title = {Algorithms for minimization without derivatives},
	Publisher = {Prentice-Hall},
	Year = {1973},
	ISBN = {0-13-022335-2},
}
