@Manual{R,
	Address = {Vienna, Austria},
	Author = {{R Core Team}},
	Organization = {R Foundation for Statistical Computing},
	Title = {R: A Language and Environment for Statistical Computing},
	Url = {https://www.R-project.org/},
	Year = {2019},
}

@Misc{scopus,
	Howpublished = {\url{https://www.scopus.com}},
	Note = {Accessed: 2019-03-27},
	Title = {Scopus: The largest database of peer-reviewed literature},
}
